<record><leader>00000cas a22000007a 4500</leader><controlfield tag="001">11890474</controlfield><controlfield tag="008">850406d18841894ohuwr ne      0    0eng d</controlfield><datafield ind1=" " ind2=" " tag="010"><subfield code="a">sn 85038186 </subfield></datafield><datafield ind1=" " ind2=" " tag="040"><subfield code="a">NPY</subfield><subfield code="b">eng</subfield><subfield code="c">NPY</subfield><subfield code="d">ONP</subfield><subfield code="d">OCLCQ</subfield></datafield><datafield ind1=" " ind2=" " tag="042"><subfield code="a">msc</subfield></datafield><datafield ind1="0" ind2=" " tag="130"><subfield code="a">Telegraph (Pomeroy, Ohio)</subfield></datafield><datafield ind1="1" ind2="4" tag="245"><subfield code="a">The Telegraph.</subfield></datafield><datafield ind1="1" ind2="7" tag="246"><subfield code="a">Meigs County telegraph</subfield></datafield><datafield ind1=" " ind2=" " tag="260"><subfield code="a">Pomeroy, Meigs County, Ohio :</subfield><subfield code="b">E.S. Trussell,</subfield><subfield code="c">1884-</subfield></datafield><datafield ind1=" " ind2=" " tag="300"><subfield code="a">v. ;</subfield><subfield code="c">54 cm.</subfield></datafield><datafield ind1=" " ind2=" " tag="310"><subfield code="a">Weekly,</subfield><subfield code="b">Jan. 2-Feb. 20, 1894</subfield></datafield><datafield ind1=" " ind2=" " tag="321"><subfield code="a">Weekly,</subfield><subfield code="b">Dec. 10, 1884-Oct. 19, 1892</subfield></datafield><datafield ind1=" " ind2=" " tag="321"><subfield code="a">Semiweekly,</subfield><subfield code="b">Oct. 21, 1892-Dec. 29, 1893</subfield></datafield><datafield ind1="0" ind2=" " tag="362"><subfield code="a">Dec. 10, 1884-</subfield></datafield><datafield ind1="1" ind2=" " tag="362"><subfield code="a">Ceased with Feb. 20, 1894 issue.</subfield><subfield code="z">Cf. Gutgesell, S. Guide to Ohio newspapers, 1974.</subfield></datafield><datafield ind1=" " ind2=" " tag="500"><subfield code="a">"Republican." Cf. Gutgesell, S. Guide to Ohio newspapers, 1974.</subfield></datafield><datafield ind1=" " ind2=" " tag="500"><subfield code="a">Editor: E.S. Trussell, 1884-1894.</subfield></datafield><datafield ind1="1" ind2=" " tag="700"><subfield code="a">Trussell, E. S.</subfield></datafield><datafield ind1=" " ind2=" " tag="752"><subfield code="a">United States</subfield><subfield code="b">Ohio</subfield><subfield code="c">Meigs</subfield><subfield code="d">Pomeroy.</subfield></datafield><datafield ind1="0" ind2="0" tag="780"><subfield code="t">Meigs County telegraph (Pomeroy, Ohio : 1867)</subfield><subfield code="w">(DLC)sn 85038185</subfield></datafield><datafield ind1="0" ind2="7" tag="785"><subfield code="t">Tribune (Racine, Ohio)</subfield><subfield code="w">(DLC)sn 85038191</subfield></datafield><datafield ind1="0" ind2="7" tag="785"><subfield code="t">Tribune-telegraph (Pomeroy, Ohio : 1894)</subfield><subfield code="w">(DLC)sn 87075197</subfield></datafield><datafield ind1="1" ind2=" " tag="029"><subfield code="a">AU@</subfield><subfield code="b">000025791238</subfield></datafield></record>